% This file was created with JabRef 2.7.2.
% Encoding: Cp1252

@BOOK{Alm94,
  title = {Highly Parallel Computing},
  publisher = {Benjamin - Cummings Publishing Company Inc.},
  year = {1994},
  author = {George Almasi and Allan Gottlieb},
  file = {:C\:\\Users\\cristian\\Desktop\\Dissertação\\AAReferencias\\Highly Parallel Computing.txt:Text}
}

@PHDTHESIS{Amo06,
  author = {Michele Amoretti},
  title = {Peer-to-peer based grid architectures},
  school = {Università Degli Studi Di Parma},
  year = {2006},
  month = {Janeiro}
}

@BOOK{Beg94,
  title = {PVM: Parallel Virtual Machine: User's Guide and tutorial for Networked
	Parallel Computing},
  publisher = {MIT Press},
  year = {1994},
  author = {Beguelin, A. and Gueist, A. and Dongarra, J. and Jiang, W. and Manchek,
	R. and Sunderam, V.},
  file = {:C\:\\Users\\cristian\\Desktop\\Dissertação\\AAReferencias\\PVM - Parallel Virtual Machine - Varios Autores.pdf:PDF}
}

@ARTICLE{Bla99,
  author = {Jock A. Blackard and Denis J. Dean},
  title = {Comparative Accuracies of Artificial Neural Networks and Discriminant
	Analysis in Predicting Forest Cover Types From Cartographic Variables},
  journal = {Computers and Electronics in Agriculture},
  year = {1999},
  volume = {24},
  pages = {131-151},
  file = {:C\:\\Users\\cristian\\Desktop\\Dissertação\\AAReferencias\\Comparative Accuracies of Artificial Neural Networks and Discriminant Analysis in Predicting Forest Cover Types from Cartographic Variables - BlackardDean.pdf:PDF},
  owner = {cristian}
}

@MANUAL{Wek10,
  title = {WEKA Manual for Version 3-6-4},
  author = {Remco R. Bouckaert and Eibe Frank and Mark Hall and Richard Kirkby
	and Peter Reutemann and Alex Seewald and David Scuse},
  organization = {University of Waikato, Hamilton, New Zealand},
  address = {Hamilton, New Zealand},
  month = {Dezembro},
  year = {2010},
  file = {:C\:\\Users\\cristian\\Desktop\\Dissertação\\AAReferencias\\WekaManual-3-6-4.pdf:PDF},
  owner = {cristian},
  timestamp = {2013.02.27}
}

@BOOK{Bra07,
  title = {Redes Neurais Artificiais: Teoria e Aplicações},
  publisher = {LTC},
  year = {2007},
  author = {Antônio Pádua Braga and Teresa Bernarda Ludermir and André Carlos
	Ponce de Leon Ferreira Carvalho},
  address = {Rio de Janeiro, RJ},
  file = {:C\:\\Users\\cristian\\Desktop\\Dissertação\\AAReferencias\\Redes Enurais Artificiais - Teoria e Aplicação.txt:Text},
  owner = {cristian},
  timestamp = {2013.03.20}
}

@ARTICLE{Bur94,
  author = {Burns, G. and Daoud, R. and Vaigl, J.},
  title = {LAM: An Open Cluster Environment for MPI},
  journal = {In Proceedings of Supercomputing Symposium},
  year = {1994},
  pages = {379-386},
  file = {:C\:\\Users\\cristian\\Desktop\\Dissertação\\AAReferencias\\LAM - An Open Cluster - Varios Autores.pdf:PDF}
}

@ARTICLE{Cha07,
  author = {César S. Chagas and Carlos A. O. Vieira and Elpídio I. Fernandes
	Filho and Waldir de C. Júnior},
  title = {Utilização de Redes Neurais Artificiais na Classificação de Níveis
	de Degradação em Pastagens},
  journal = {Revista Brasileira de Engenharia Agrícola e Ambiental},
  year = {2009},
  volume = {13},
  pages = {319 - 327},
  number = {3},
  file = {:C\:\\Users\\cristian\\Desktop\\Dissertação\\AAReferencias\\Utilização de redes neurais artificiais na classificação de níveis de degradação de pastagens.pdf:PDF},
  owner = {cristian},
  timestamp = {2013.03.20}
}

@INPROCEEDINGS{Lei07,
  author = {Lei Chai and Qi Gao and Dhabaleswar K. Panda},
  title = {Understanding the Impact of Multi-Core Architecture in Cluster Computing:
	A Case Study with Intel Dual-Core System},
  booktitle = {Seventh IEEE International Symposium on Cluster Computing and the
	Grid, 2007. CCGRID 2007},
  year = {2007},
  pages = {471 - 478},
  month = {Maio},
  file = {:C\:\\Users\\cristian\\Desktop\\Dissertação\\AAReferencias\\Understanding the Impact of Multi-Core Architecture in Cluster Computing A Case Study with Intel Dual-Core System.pdf:PDF},
  owner = {cristian},
  timestamp = {2013.02.27}
}

@BOOK{Geo88,
  title = {Distributed Systems Concepts and Design},
  publisher = {Addison-Wesley Longman Publishing Co., Inc.},
  year = {1988},
  author = {George Coulouris and Jean Dollimore and Tim Kindberg and Gordon Blair},
  address = {Boston, MA, USA},
  edition = {5},
  file = {:C\:\\Users\\cristian\\Desktop\\Dissertação\\AAReferencias\\Distributed Systems Concepts and Design - Varios Autores.pdf:PDF},
  owner = {cristian},
  timestamp = {2013.03.22}
}

@INPROCEEDINGS{Dam12,
  author = {Fábio Vinicius Freitas Damiati and Márcio Augusto de Souza and Luciano
	José Senger},
  title = {Avaliação de Desempenho Computacional da Mineração de Dados Pluviométricos
	com a Utilização de Computação Paralela},
  booktitle = {2 Encontro Anual de Iniciação Tecnológica e Inovação},
  year = {2012},
  editor = {Universidade Estadual de Maringá},
  publisher = {ANAIS DO 21º EAIC},
  file = {:C\:\\Users\\cristian\\Desktop\\Dissertação\\AAReferencias\\AVALIAÇÃO DE DESEMPENHO COMPUTACIONAL.pdf:PDF},
  owner = {cristian},
  timestamp = {2013.03.19}
}

@ARTICLE{Moh06,
  author = {Mohammed El-Telbany and Mahmound Warda and Mahmound El-Borahy},
  title = {Mining the Classification Rules for Egyptian Rice Diseases},
  journal = {The International Arab Journal of Information Technology},
  year = {2006},
  volume = {3},
  pages = {303 - 306},
  file = {:C\:\\Users\\cristian\\Desktop\\Dissertação\\AAReferencias\\Mining the Classification Rules for Egyptian Rice Diseases.pdf:PDF},
  owner = {cristian},
  timestamp = {2013.03.20}
}

@BOOK{Fay96,
  title = {Advances in Knowledge Discovery and Data Mining},
  publisher = {American Association for Artificial Intelligence},
  year = {1996},
  author = {Usama M. Fayyad and Gregory Piatetsky-Shapiro and Padhraic Smyth
	and Ramasamy Uthurusamy},
  address = {Menlo Park, CA, USA},
  file = {:C\:\\Users\\cristian\\Desktop\\Dissertação\\AAReferencias\\Advances in Knowledge Discovery and Data Mining - Fayyad.txt:Text},
  owner = {cristian},
  timestamp = {2013.02.18}
}

@BOOK{Gra02,
  title = {Mastering Jxta: Building Java Peer-to-Peer Applications},
  publisher = {John Wiley \& Sons, Inc.},
  year = {2002},
  author = {Gradecki, Joseph D.},
  address = {New York, NY, USA},
  edition = {1st},
  file = {:C\:\\Users\\cristian\\Desktop\\Dissertação\\AAReferencias\\Mastering Jxta Building Java Peer-to-Peer Applications.pdf:PDF}
}

@PHDTHESIS{Ala05,
	title = {Mastering Jxta: Building Java Peer-to-Peer Applications},
  publisher = {John Wiley \& Sons, Inc.},
  year = {2002},
  author = {Gradecki, Joseph D.},
  address = {New York, NY, USA},
  edition = {1st},
  file = {:C\:\\Users\\cristian\\Desktop\\Dissertação\\AAReferencias\\Mastering Jxta Building Java Peer-to-Peer Applications.pdf:PDF}

}

@MANUAL{Wek09,
  title = {The WEKA Data Mining Software},
  author = {Mark Hall and Eibe Frank and Geoffrey Holmes and Bernhard Pfahringer
	and Peter Reutemann and Ian H. Witten},
  edition = {11},
  year = {2009},
  file = {:C\:\\Users\\cristian\\Desktop\\Dissertação\\AAReferencias\\Site Weka.txt:Text},
  owner = {cristian},
  timestamp = {2013.02.26}
}

@INPROCEEDINGS{Hau05,
  author = {Hauswirth, M. and Schmidt, R. },
  title = {An overlay network for resource discovery in grids},
  booktitle = {Proceedings of Sixteenth Workshop on Database and Expert Systems
	Applications, 2005},
  year = {2005},
  pages = {343--348},
  month = {August},
  citeulike-article-id = {867144},
  file = {:C\:\\Users\\cristian\\Desktop\\Dissertação\\AAReferencias\\An Overlay Network for Resource Discovery in Grids.pdf:PDF},
  journal = {Proceedings of Sixteenth Workshop on Database and Expert Systems
	Applications, 2005}
}

@BOOK{Hay98,
  title = {Neural Networks: A Comprehensive Foundation},
  publisher = {Prentice Hall PTR},
  year = {1998},
  author = {Simon Haykin},
  address = {Upper Saddle River, NJ, USA},
  edition = {2nd},
  file = {:C\:\\Users\\cristian\\Desktop\\Dissertação\\AAReferencias\\Neural Networks - A Comprehensive Foundation - Simon Haykin.pdf:PDF},
  isbn = {0132733501}
}

@BOOK{Hen12,
  title = {Computer architecture: A Quantitative Approach},
  publisher = {Elsevier Science \& Technology Books},
  year = {2012},
  author = {John Hennessy and David Patterson},
  pages = {856},
  series = {The Morgan Kaufmann Series in Computer Architecture and Design Series},
  file = {:C\:\\Users\\cristian\\Desktop\\Dissertação\\AAReferencias\\Computer architecture - A Quantitative Approach.pdf:PDF}
}

@INPROCEEDINGS{Koh95,
  author = {Ron Kohavi},
  title = {A Study of Cross-Validation and Bootstrap for Accuracy Estimation
	and Model Selection},
  booktitle = {Proceedings of the 14th international joint conference on Artificial
	intelligence - Volume 2},
  year = {1995},
  series = {IJCAI'95},
  pages = {1137--1143},
  address = {San Francisco, CA, USA},
  publisher = {Morgan Kaufmann Publishers Inc.},
  file = {:C\:\\Users\\cristian\\Desktop\\Dissertação\\AAReferencias\\A Study of Cross-Validation and Bootstrap for Accuracy Estimation and Model Selection - Varios Autores.pdf:PDF},
  location = {Montreal, Quebec, Canada},
  numpages = {7}
}

@BOOK{Tan09,
  title = {Introdução ao Data Mining - Mineração de Dados},
  publisher = {Ciência Moderna Ltda},
  year = {2009},
  author = {Kumar, V. and Steinbach, M. and Tan, P.N. and Fernandes, A.},
  address = {Rio de Janeiro},
  file = {:C\:\\Users\\cristian\\Desktop\\Dissertação\\AAReferencias\\Introdução ao Data Mining - Mineração de Dados.txt:Text},
  isbn = {9788573937619}
}

@BOOK{Joa11,
  title = {Análise Estatística com o SPSS Statistics},
  publisher = {ReportNumber, Lda},
  year = {2011},
  author = {João Maroco},
  edition = {5},
  file = {:C\:\\Users\\cristian\\Desktop\\Dissertação\\AAReferencias\\Google Books.txt:Text},
  owner = {cristian},
  timestamp = {2013.02.28}
}

@BOOK{Ant09,
  title = {Data Mining in Agriculture},
  publisher = {Springer Publishing Company},
  year = {2009},
  author = {Antonio Mucherino and Petraq J. Papajorgji and Panos M. Pardalos},
  edition = {1},
  file = {:C\:\\Users\\cristian\\Desktop\\Dissertação\\AAReferencias\\Data Mining in Agriculture.pdf:PDF},
  owner = {cristian},
  timestamp = {2013.02.18}
}

@BOOK{Pet09,
  title = {Software Engineering Techniques Applied to Agricultural Systems:
	An Object-Oriented and UML Approach},
  publisher = {Springer-Verlag},
  year = {2009},
  author = {Petraq J. Papajorgji and Panos M. Pardalos},
  pages = {264},
  address = {Berlin, Heidelberg},
  file = {:C\:\\Users\\cristian\\Desktop\\Dissertação\\AAReferencias\\Software Engineering Techniques Applied to Agricultural Systems - Petraq J. Papajorgji, Panos M. Pardalos.pdf:PDF},
  owner = {cristian},
  timestamp = {2013.03.04}
}

@INPROCEEDINGS{Dul02,
  author = {Dulcinéia Oliveira Penha and João Batista Torres Corrêa and Carlos
	Augusto Paiva S. Martins},
  title = {Análise Comparativa do Uso de Multi-Thread e OpenMP Aplicados a Operações
	de Convolução de Imagem},
  booktitle = {3º Workshop em Sistemas Computacionais de Alto Desempenho},
  year = {2002},
  address = {Vitória - ES},
  file = {:C\:\\Users\\cristian\\Desktop\\Dissertação\\AAReferencias\\Análise Comparativa do Uso de Multi-Thread e OpenMP.pdf:PDF},
  owner = {cristian},
  timestamp = {2013.03.22}
}

@MASTERSTHESIS{Pes09,
  author = {Alex Sandro Aguiar Pessoa},
  title = {Mineração de Dados Meteorológicos Pela Teoria dos Conjuntos Aproximativos
	na Previsão de Clima por Redes Neurais Artificiais},
  school = {Instituto Nacional de Pesquisas Espaciais},
  year = {2009},
  address = {São José dos Campos, SP},
  file = {:C\:\\Users\\cristian\\Desktop\\Dissertação\\AAReferencias\\Mineração de Dados Meteorológicos - Alex Sandro Aguiar Pessoa.pdf:PDF},
  owner = {cristian},
  timestamp = {2013.03.20}
}

@ARTICLE{Pim09,
  author = {A Pimenta and P Valentim and D Santos and M Neto},
  title = {WEKA - G: Mineração de Dados Paralela em Grades Computacionais},
  journal = {Revista de Sistemas de Informação da FSMA},
  year = {2009},
  volume = {4},
  pages = {2 - 9},
  file = {:C\:\\Users\\cristian\\Desktop\\Dissertação\\AAReferencias\\Weka - G Mineração de Dados Paralela em Grades Computacionais.pdf:PDF},
  owner = {cristian},
  timestamp = {2013.04.05}
}

@BOOK{Qui94,
  title = {Parallel Computing: Theory and Practice},
  publisher = {MCGraw Hill},
  year = {1994},
  author = {M. J. Quinn}
}

@BOOK{Rrr08,
  title = {R: A Language and Environment for Statistical Computing},
  publisher = {R Foundation for Statistical Computing},
  year = {2010},
  author = {Development Core Team R},
  pages = {1731},
  address = {Vienna, Austria},
  file = {:C\:\\Users\\cristian\\Desktop\\Dissertação\\AAReferencias\\R-A language and environment for statistical computing.pdf:PDF},
  owner = {cristian},
  timestamp = {2013.02.06}
}

@TECHREPORT{Ran06,
  author = {R. Ranjan and A. Harwood and R. Buyya},
  title = {A Study on Peer-to-Peer Based Discovery of Grid Resource Information},
  institution = {Departament of Computer Science and Software Engineering, University
	of Melbourne},
  year = {2006},
  month = {Dezembro },
  file = {:C\:\\Users\\cristian\\Desktop\\Dissertação\\AAReferencias\\A Study on Peer-to-Peer Based Discovery of Grid Resource Information.pdf:PDF}
}

@BOOK{Tho10,
  title = {Parallel Programming For Multicore and Cluster Systems},
  publisher = {Springer},
  year = {2010},
  author = {Thomas Rauber and Gudula Runger},
  file = {:C\:\\Users\\cristian\\Desktop\\Dissertação\\AAReferencias\\Parallel Programming for Multicore and Cluster Systems.pdf:PDF},
  owner = {cristian},
  timestamp = {2013.03.01}
}

@BOOK{Sch88,
  title = {Statistics: Concepts and Applications},
  publisher = {Benjamin-Cummings Publishing Co., Inc.},
  year = {1988},
  editor = {Schefler, W. C.},
  author = {Schefler, W. C.},
  address = {Redwood City, CA, USA},
  file = {:C\:\\Users\\cristian\\Desktop\\Dissertação\\AAReferencias\\Statistics concepts and applications - Schefler.txt:Text},
  owner = {cristian},
  timestamp = {2012.12.07}
}

@PHDTHESIS{Sen04,
  author = {Luciano José Senger},
  title = {Escalonamento de processos: uma abordagem dinâmica e incremental
	para a exploração de características de aplicações paralelas.},
  school = {Instituto de Ciências Matemáticas e de Computação},
  year = {2004},
  address = {São Carlos},
  file = {:C\:\\Users\\cristian\\Desktop\\Dissertação\\AAReferencias\\Escalonamento de processos - Luciano José Senger.pdf:PDF},
  pages = {236}
}

@INPROCEEDINGS{Sen11,
  author = {Luciano José Senger and Márcio Augusto Souza and Dierone Cesar Junior
	Foltran},
  title = {Towards a Peer-to-Peer Framework for Parallel and Distributed Computing},
  booktitle = {Computer Architecture and High Performance Computing (SBAC-PAD),
	2010 22nd International Symposium on},
  year = {2011},
  file = {:C\:\\Users\\cristian\\Desktop\\Dissertação\\AAReferencias\\Towards a peer-to-peer framewok for parallel and distributed computing - Luciano José senger.PDF:PDF},
  owner = {cristian}
}

@INPROCEEDINGS{Sou11,
	
author = {Luciano José Senger and Márcio Augusto Souza and Dierone Cesar Junior
	Foltran},
  title = {Towards a Peer-to-Peer Framework for Parallel and Distributed Computing},
  booktitle = {Computer Architecture and High Performance Computing (SBAC-PAD),
	2010 22nd International Symposium on},
  year = {2011},
  file = {:C\:\\Users\\cristian\\Desktop\\Dissertação\\AAReferencias\\Towards a peer-to-peer framewok for parallel and distributed computing - Luciano José senger.PDF:PDF},
  owner = {cristian}

}

@ARTICLE{Sun94,
  author = {V. S. Sunderam and G. A. Geist and J. Dongarra and R. Manchek},
  title = {The PVM Concurrent Computing System: Evolution, Experiences and Trends},
  journal = {Parallel Computing},
  year = {1994},
  volume = {20},
  pages = {531--545},
  file = {:C\:\\Users\\cristian\\Desktop\\Dissertação\\AAReferencias\\The PVM Concurrent Computing System Evolution, Experiences and Trends.pdf:PDF}
}

@ARTICLE{Tal08,
  author = {Talia, Domenico and Trunfio, Paolo and Verta, Oreste},
  title = {The Weka4WS Framework for Distributed Data Mining in Service-Oriented
	Grids},
  journal = {Concurrency and Computation: Practice \& Experience},
  year = {2008},
  volume = {20},
  pages = {1933 - 1951},
  number = {16},
  month = {nov},
  file = {:C\:\\Users\\cristian\\Desktop\\Dissertação\\AAReferencias\\The Weka4WS framework for distributed data mining in service-oriented  Grids.pdf:PDF},
  owner = {cristian},
  timestamp = {2013.04.05}
}

@BOOK{Ver08,
  title = {Practical JXTA: Cracking the P2P puzzle},
  publisher = {Lulu},
  year = {2008},
  author = {Jérôme Verstrynge},
  file = {:C\:\\Users\\cristian\\Desktop\\Dissertação\\AAReferencias\\Practical JXTA - Cracking the P2P puzzle.txt:Text}
}

@BOOK{Wil04,
  title = {Parallel Programming: Techniques and Applications using networked
	workstations and parallel computers},
  publisher = {Pearson/Prentice Hall},
  year = {2004},
  author = {Barry Wilkinson and Michael Allen},
  address = {Upper Saddle River},
  file = {:C\:\\Users\\cristian\\Desktop\\Dissertação\\AAReferencias\\Parallel Programming Techniques and Applications using networked workstations and parallel computers.txt:Text}
}

@BOOK{Wit11,
  title = {Data Mining: Practical Machine Learning Tools and Techniques},
  publisher = {Morgan Kaufmann Publishers Inc.},
  year = {2011},
  author = {Witten, Ian H. and Frank, Eibe and Hall, Mark A.},
  address = {Amsterdam, MA},
  edition = {3},
  file = {:C\:\\Users\\cristian\\Desktop\\Dissertação\\AAReferencias\\Data Mining - Practical Machine Learning Tools and Techniques 3rd Edition-Mantesh.pdf:PDF},
  howpublished = {Paperback}
}



@book{ibge1993,
	Address = {Rio de Janeiro},
	Author = {IBGE},
	Date-Added = {2013-08-21 13:56:10 +0000},
	Date-Modified = {2013-08-21 13:56:10 +0000},
	Edition = {3},
	Organization = {http://biblioteca.ibge.gov.br/visualizacao/livros/liv23907.pdf},
	Publisher = {Centro de Documenta{\c c}{\~a}o e Dissemina{\c c}{\~a}o de Informa{\c c}{\~o}es. Funda{\c c}{\~a}o Intituto Brasileiro de Geografia e Estat{\'\i}stica},
	Title = {Normas de apresenta{\c c}{\~a}o tabular},
	Urlaccessdate = {21 ago 2013},
	Year = {1993}}

@misc{abntex2-wiki-como-customizar,
	Author = {Lauro C{\'e}sar Araujo},
	Date-Added = {2013-03-23 21:39:21 +0000},
	Date-Modified = {2015-04-27 22:43:06 +0000},
	Howpublished = {Wiki do abnTeX2},
	Keywords = {wiki},
	Title = {Como customizar o abnTeX2},
	Url = {https://github.com/abntex/abntex2/wiki/ComoCustomizar},
	Urlaccessdate = {27 abr 2015},
	Year = {2015},
	Bdsk-Url-1 = {https://github.com/abntex/abntex2/wiki/ComoCustomizar}}

@manual{talbot2012,
	Author = {Nicola L.C. Talbot},
	Date-Added = {2013-03-11 12:06:04 +0000},
	Date-Modified = {2013-03-11 12:06:56 +0000},
	Month = {Nov.},
	Title = {User Manual for glossaries.sty},
	Url = {http://mirrors.ctan.org/macros/latex/contrib/glossaries/glossaries-user.pdf},
	Urlaccessdate = {11 mar. 2013},
	Year = {2012},
	Bdsk-Url-1 = {http://mirrors.ctan.org/macros/latex/contrib/glossaries/glossaries-user.pdf}}

@manual{babel,
	Author = {Johannes Braams},
	Date-Added = {2013-02-17 13:37:14 +0000},
	Date-Modified = {2013-02-17 13:38:38 +0000},
	Month = {Apr.},
	Title = {Babel, a multilingual package for use with LATEX's standard document classes},
	Url = {http://mirrors.ctan.org/info/babel/babel.pdf},
	Urlaccessdate = {17 fev. 2013},
	Year = {2008},
	Bdsk-Url-1 = {http://mirrors.ctan.org/info/babel/babel.pdf}}

@manual{abntex2modelo-artigo,
	Annote = {Este documento {\'e} derivado do \cite{abnt-bibtex-doc}},
	Author = {Lauro C{\'e}sar Araujo},
	Date-Added = {2013-01-15 00:10:35 +0000},
	Date-Modified = {2015-04-27 22:43:13 +0000},
	Organization = {Equipe abnTeX2},
	Title = {Modelo Can{\^o}nico de Artigo Cient{\'\i}fico com abnTeX2},
	Url = {http://www.abntex.net.br/},
	Year = {2015},
	Bdsk-Url-1 = {http://www.abntex.net.br/}}

@manual{abntex2modelo-relatorio,
	Annote = {Este documento {\'e} derivado do \cite{abnt-bibtex-doc}},
	Author = {Lauro C{\'e}sar Araujo},
	Date-Added = {2013-01-15 00:05:34 +0000},
	Date-Modified = {2015-04-27 22:43:18 +0000},
	Organization = {Equipe abnTeX2},
	Title = {Modelo Can{\^o}nico de Relat{\'o}rio T{\'e}cnico e/ou Cient{\'\i}fico com abnTeX2},
	Url = {http://www.abntex.net.br/},
	Year = {2015},
	Bdsk-Url-1 = {http://www.abntex.net.br/}}

@manual{abntex2modelo,
	Annote = {Este documento {\'e} derivado do \cite{abnt-bibtex-doc}},
	Author = {Lauro C{\'e}sar Araujo},
	Date-Added = {2013-01-12 22:55:32 +0000},
	Date-Modified = {2015-04-27 22:43:32 +0000},
	Organization = {Equipe abnTeX2},
	Title = {Modelo Can{\^o}nico de Trabalho Acad{\^e}mico com abnTeX2},
	Url = {http://www.abntex.net.br/},
	Year = {2015},
	Bdsk-Url-1 = {http://www.abntex.net.br/}}

@mastersthesis{araujo2012,
	Address = {Bras{\'\i}lia},
	Author = {Lauro C{\'e}sar Araujo},
	Date-Added = {2013-01-09 11:04:42 +0000},
	Date-Modified = {2013-01-09 11:04:42 +0000},
	Month = {mar.},
	School = {Universidade de Bras{\'\i}lia},
	Subtitle = {uma perspectiva de {A}rquitetura da {I}nforma{\c c}{\~a}o da {E}scola de {B}ras{\'\i}lia},
	Title = {Configura{\c c}{\~a}o},
	Year = {2012}}

@manual{memoir,
	Address = {Normandy Park, WA},
	Author = {Peter Wilson and Lars Madsen},
	Date-Added = {2013-01-09 10:37:50 +0000},
	Date-Modified = {2013-03-21 13:23:25 +0000},
	Organization = {The Herries Press},
	Title = {The Memoir Class for Configurable Typesetting - User Guide},
	Url = {http://mirrors.ctan.org/macros/latex/contrib/memoir/memman.pdf},
	Urlaccessdate = {19 dez. 2012},
	Year = {2010},
	Bdsk-Url-1 = {http://ctan.tche.br/macros/latex/contrib/memoir/memman.pdf}}

@manual{abntex2cite-alf,
	Annote = {Este documento {\'e} derivado do \cite{abnt-bibtex-alf-doc}},
	Author = {Lauro C{\'e}sar Araujo},
	Date-Added = {2013-01-09 10:37:45 +0000},
	Date-Modified = {2015-04-27 22:43:44 +0000},
	Organization = {Equipe abnTeX2},
	Title = {O pacote abntex2cite: t{\'o}picos espec{\'\i}ficos da ABNT NBR 10520:2002 e o estilo bibliogr{\'a}fico alfab{\'e}tico (sistema autor-data)},
	Url = {http://www.abntex.net.br/},
	Year = {2015},
	Bdsk-Url-1 = {http://www.abntex.net.br/}}

@manual{abntex2cite,
	Annote = {Este documento {\'e} derivado do \cite{abnt-bibtex-doc}},
	Author = {Lauro C{\'e}sar Araujo},
	Date-Added = {2013-01-09 10:37:45 +0000},
	Date-Modified = {2015-04-27 22:43:38 +0000},
	Organization = {Equipe abnTeX2},
	Title = {O pacote abntex2cite: Estilos bibliogr{\'a}ficos compat{\'\i}veis com a ABNT NBR 6023},
	Url = {http://www.abntex.net.br/},
	Year = {2015},
	Bdsk-Url-1 = {http://www.abntex.net.br/}}

@manual{abntex2classe,
	Author = {Lauro C{\'e}sar Araujo},
	Date-Added = {2013-01-09 10:37:38 +0000},
	Date-Modified = {2015-04-27 22:42:47 +0000},
	Organization = {Equipe abnTeX2},
	Title = {A classe abntex2: Modelo can{\^o}nico de trabalhos acad{\^e}micos brasileiros compat{\'\i}vel com as normas ABNT NBR 14724:2011, ABNT NBR 6024:2012 e outras},
	Url = {http://www.abntex.net.br/},
	Year = {2015},
	Bdsk-Url-1 = {http://www.abntex.net.br/}}

@manual{NBR10520:2002,
	Address = {Rio de Janeiro},
	Date-Added = {2012-12-15 21:43:38 +0000},
	Date-Modified = {2013-01-12 22:17:20 +0000},
	Month = {ago.},
	Org-Short = {ABNT},
	Organization = {Associa{\c c}\~ao Brasileira de Normas T\'ecnicas},
	Pages = 7,
	Subtitle = {Informa{\c c}\~ao e documenta{\c c}\~ao --- Apresenta{\c c}\~ao de cita{\c c}\~oes em documentos},
	Title = {{NBR} 10520},
	Year = 2002}

@manual{NBR6024:2012,
	Address = {Rio de Janeiro},
	Date-Added = {2012-12-15 21:24:06 +0000},
	Date-Modified = {2012-12-15 21:24:28 +0000},
	Month = {fev.},
	Org-Short = {ABNT},
	Organization = {Associa{\c c}\~ao Brasileira de Normas T\'ecnicas},
	Pages = 4,
	Subtitle = {Numera{\c c}\~ao progressiva das se{\c c}\~oes de um documento},
	Title = {{NBR} 6024},
	Year = 2012}

@manual{NBR6028:2003,
	Address = {Rio de Janeiro},
	Date-Added = {2012-12-15 21:02:12 +0000},
	Date-Modified = {2012-12-15 21:02:50 +0000},
	Month = {nov.},
	Org-Short = {ABNT},
	Organization = {Associa{\c c}\~ao Brasileira de Normas T\'ecnicas},
	Pages = 2,
	Subtitle = {Resumo - Apresenta{\c c}{\~a}o},
	Title = {{NBR} 6028},
	Year = 2003}

@manual{NBR14724:2001,
	Address = {Rio de Janeiro},
	Date-Added = {2012-12-15 20:34:08 +0000},
	Date-Modified = {2012-12-15 20:34:08 +0000},
	Month = {jul.},
	Org-Short = {ABNT},
	Organization = {Associa{\c c}\~ao Brasileira de Normas T\'ecnicas},
	Pages = 6,
	Subtitle = {Informa{\c c}\~ao e documenta{\c c}\~ao --- trabalhos acad\^emicos --- apresenta{\c c}\~ao},
	Title = {{NBR} 14724},
	Year = 2001}

@manual{NBR14724:2002,
	Address = {Rio de Janeiro},
	Date-Added = {2012-12-15 20:34:17 +0000},
	Date-Modified = {2012-12-15 20:34:17 +0000},
	Month = {ago.},
	Org-Short = {ABNT},
	Organization = {Associa{\c c}\~ao Brasileira de Normas T\'ecnicas},
	Pages = 6,
	Subtitle = {Informa{\c c}\~ao e documenta{\c c}\~ao --- trabalhos acad\^emicos --- apresenta{\c c}\~ao},
	Title = {{NBR} 14724},
	Year = 2002}

@manual{NBR14724:2005,
	Address = {Rio de Janeiro},
	Date-Added = {2012-12-15 20:34:08 +0000},
	Date-Modified = {2012-12-15 20:35:25 +0000},
	Month = {dez.},
	Org-Short = {ABNT},
	Organization = {Associa{\c c}\~ao Brasileira de Normas T\'ecnicas},
	Pages = 9,
	Subtitle = {Informa{\c c}\~ao e documenta{\c c}\~ao --- trabalhos acad\^emicos --- apresenta{\c c}\~ao},
	Title = {{NBR} 14724},
	Year = 2005}

@manual{NBR14724:2011,
	Address = {Rio de Janeiro},
	Date-Added = {2012-12-15 20:34:08 +0000},
	Date-Modified = {2012-12-15 20:35:25 +0000},
	Month = {mar.},
	Note = {Substitui a Ref.~\citeonline{NBR14724:2005}},
	Org-Short = {ABNT},
	Organization = {Associa{\c c}\~ao Brasileira de Normas T\'ecnicas},
	Pages = 15,
	Subtitle = {Informa{\c c}\~ao e documenta{\c c}\~ao --- trabalhos acad\^emicos --- apresenta{\c c}\~ao},
	Title = {{NBR} 14724},
	Year = 2011}

@article{van86,
	Author = {{van}, Gigch, John P. and Leo L. Pipino},
	Journal = {Future Computing Systems},
	Number = {1},
	Pages = {71-97},
	Title = {In search for a paradigm for the discipline of information systems},
	Volume = {1},
	Year = {1986}}

@phdthesis{guizzardi2005,
	Address = {Enschede, The Netherlands},
	Author = {Giancarlo Guizzardi},
	Date-Added = {2012-04-23 11:35:28 +0000},
	Date-Modified = {2012-04-23 11:35:28 +0000},
	School = {Centre for Telematics and Information Technology, University of Twente},
	Title = {Ontological Foundations for Structural Conceptual Models},
	Url = {http://www.loa.istc.cnr.it/Guizzardi/SELMAS-CR.pdf},
	Urlaccessdate = {3 jul. 2011},
	Year = {2005},
	Bdsk-Url-1 = {http://www.loa.istc.cnr.it/Guizzardi/SELMAS-CR.pdf}}

@mastersthesis{macedo2005,
	Author = {Fl{\'a}via L. Macedo},
	Date-Added = {2012-04-23 11:35:13 +0000},
	Date-Modified = {2012-04-23 11:35:13 +0000},
	Keywords = {arquitetura da informa{\c c}{\~a}o},
	School = {Universidade de Bras{\'\i}lia},
	Title = {Arquitetura da Informa{\c c}{\~a}o: aspectos espistemol{\'o}gicos, cient{\'\i}ficos e pr{\'a}ticos.},
	Type = {Disserta{\c c}{\~a}o de Mestrado},
	Year = {2005}}

@manual{EIA649B,
	Address = {EUA},
	Date-Added = {2012-04-23 11:34:59 +0000},
	Date-Modified = {2012-04-23 11:34:59 +0000},
	Keywords = {norma},
	Month = {June},
	Organization = {TechAmerica},
	Title = {ANSI/EIA 649-B: Configuration Management Standard},
	Year = {2011}}

@inproceedings{masolo2010,
	Author = {Claudio Masolo},
	Booktitle = {Proceedings of the Twelfth International Conference on the Principles of Knowledge Representation and Reasoning (KR 2010)},
	Date-Added = {2012-04-23 11:34:38 +0000},
	Date-Modified = {2012-04-23 11:34:38 +0000},
	Editor = {Lin, F. and Sattler, U.},
	Pages = {258-268},
	Publisher = {AAAI Press},
	Title = {Understanding Ontological Levels},
	Url = {http://wiki.loa-cnr.it/Papers/kr10v0.7.pdf},
	Urlaccessdate = {2 jan. 2012},
	Year = {2010},
	Bdsk-Url-1 = {http://wiki.loa-cnr.it/Papers/kr10v0.7.pdf}}

@inbook{guarino1995,
	Address = {Vienna},
	Author = {Nicola Guarino},
	Booktitle = {Philosophy and the Cognitive Science},
	Date-Added = {2012-04-23 11:34:29 +0000},
	Date-Modified = {2012-04-23 11:34:29 +0000},
	Editor = {R. Casati and B. Smith and G. White},
	Month = {Sept.},
	Pages = {443-456},
	Publisher = {Holder-Pivhler-Tempsky},
	Title = {The Ontological Level},
	Url = {http://wiki.loa-cnr.it/Papers/OntLev.pdf},
	Urlaccessdate = {2 jan. 2012},
	Year = {1995},
	Bdsk-Url-1 = {http://wiki.loa-cnr.it/Papers/OntLev.pdf}}

@incollection{bates2010,
	Address = {New York},
	Author = {Marcia J. Bates},
	Booktitle = {Encyclopedia of Library and Information Sciences},
	Date-Added = {2012-04-23 11:34:29 +0000},
	Date-Modified = {2012-04-23 11:34:29 +0000},
	Edition = {3rd},
	Editor = {Marcia J. Bates and Mary Niles Maack},
	Pages = {2347-2360},
	Publisher = {CRC Press},
	Title = {Information},
	Url = {http://pages.gseis.ucla.edu/faculty/bates/articles/information.html},
	Urlaccessdate = {24 out. 2011},
	Volume = {3},
	Year = {2010},
	Bdsk-Url-1 = {http://pages.gseis.ucla.edu/faculty/bates/articles/information.html}}

@book{doxiadis1965,
	Author = {Constantinos A. Doxiadis},
	Date-Added = {2012-04-23 11:34:20 +0000},
	Date-Modified = {2012-04-23 11:34:20 +0000},
	Publisher = {Ceira - Coimbra},
	Title = {Arquitetura em Transi{\c c}{\~a}o},
	Year = {1965}}

@book{dewey1980,
	Address = {New York, NY, USA},
	Author = {John Dewey},
	Date-Added = {2012-04-23 11:34:16 +0000},
	Date-Modified = {2012-04-23 11:34:16 +0000},
	Publisher = {Perigee Books},
	Title = {Art as Experience},
	Year = {1980}}
